%YAML 1.1
%TAG !u! tag:unity3d.com,2011:
--- !u!1 &1323062340004903933
GameObject:
  m_ObjectHideFlags: 0
  m_CorrespondingSourceObject: {fileID: 0}
  m_PrefabInstance: {fileID: 0}
  m_PrefabAsset: {fileID: 0}
  serializedVersion: 6
  m_Component:
  - component: {fileID: 1323062340004903932}
  - component: {fileID: 1323062340004903929}
  - component: {fileID: 1323062340004903930}
  - component: {fileID: 1323062340004903931}
  m_Layer: 0
  m_Name: Sunglasses
  m_TagString: Untagged
  m_Icon: {fileID: 0}
  m_NavMeshLayer: 0
  m_StaticEditorFlags: 0
  m_IsActive: 1
--- !u!4 &1323062340004903932
Transform:
  m_ObjectHideFlags: 0
  m_CorrespondingSourceObject: {fileID: 0}
  m_PrefabInstance: {fileID: 0}
  m_PrefabAsset: {fileID: 0}
  m_GameObject: {fileID: 1323062340004903933}
  m_LocalRotation: {x: 0, y: 0, z: 0, w: 1}
  m_LocalPosition: {x: 0.374, y: 0.423, z: 0}
  m_LocalScale: {x: 0.3, y: 0.15906654, z: 0.75253}
  m_ConstrainProportionsScale: 0
  m_Children: []
  m_Father: {fileID: 1323062340387282816}
  m_RootOrder: 0
  m_LocalEulerAnglesHint: {x: 0, y: 0, z: 0}
--- !u!33 &1323062340004903929
MeshFilter:
  m_ObjectHideFlags: 0
  m_CorrespondingSourceObject: {fileID: 0}
  m_PrefabInstance: {fileID: 0}
  m_PrefabAsset: {fileID: 0}
  m_GameObject: {fileID: 1323062340004903933}
  m_Mesh: {fileID: 10202, guid: 0000000000000000e000000000000000, type: 0}
--- !u!23 &1323062340004903930
MeshRenderer:
  m_ObjectHideFlags: 0
  m_CorrespondingSourceObject: {fileID: 0}
  m_PrefabInstance: {fileID: 0}
  m_PrefabAsset: {fileID: 0}
  m_GameObject: {fileID: 1323062340004903933}
  m_Enabled: 1
  m_CastShadows: 1
  m_ReceiveShadows: 1
  m_DynamicOccludee: 1
  m_StaticShadowCaster: 0
  m_MotionVectors: 1
  m_LightProbeUsage: 1
  m_ReflectionProbeUsage: 1
  m_RayTracingMode: 2
  m_RayTraceProcedural: 0
  m_RenderingLayerMask: 1
  m_RendererPriority: 0
  m_Materials:
  - {fileID: 2100000, guid: de439a80485742d468142998b5bab3b8, type: 2}
  m_StaticBatchInfo:
    firstSubMesh: 0
    subMeshCount: 0
  m_StaticBatchRoot: {fileID: 0}
  m_ProbeAnchor: {fileID: 0}
  m_LightProbeVolumeOverride: {fileID: 0}
  m_ScaleInLightmap: 1
  m_ReceiveGI: 1
  m_PreserveUVs: 0
  m_IgnoreNormalsForChartDetection: 0
  m_ImportantGI: 0
  m_StitchLightmapSeams: 1
  m_SelectedEditorRenderState: 3
  m_MinimumChartSize: 4
  m_AutoUVMaxDistance: 0.5
  m_AutoUVMaxAngle: 89
  m_LightmapParameters: {fileID: 0}
  m_SortingLayerID: 0
  m_SortingLayer: 0
  m_SortingOrder: 0
  m_AdditionalVertexStreams: {fileID: 0}
--- !u!65 &1323062340004903931
BoxCollider:
  m_ObjectHideFlags: 0
  m_CorrespondingSourceObject: {fileID: 0}
  m_PrefabInstance: {fileID: 0}
  m_PrefabAsset: {fileID: 0}
  m_GameObject: {fileID: 1323062340004903933}
  m_Material: {fileID: 0}
  m_IsTrigger: 0
  m_Enabled: 1
  serializedVersion: 2
  m_Size: {x: 1, y: 1, z: 1}
  m_Center: {x: 0, y: 0, z: 0}
--- !u!1 &1323062340387282817
GameObject:
  m_ObjectHideFlags: 0
  m_CorrespondingSourceObject: {fileID: 0}
  m_PrefabInstance: {fileID: 0}
  m_PrefabAsset: {fileID: 0}
  serializedVersion: 6
  m_Component:
  - component: {fileID: 1323062340387282816}
  - component: {fileID: 1323062340387282829}
  - component: {fileID: 1323062340387282830}
  - component: {fileID: 1323062340387282831}
  m_Layer: 0
  m_Name: Capsule
  m_TagString: Untagged
  m_Icon: {fileID: 0}
  m_NavMeshLayer: 0
  m_StaticEditorFlags: 0
  m_IsActive: 1
--- !u!4 &1323062340387282816
Transform:
  m_ObjectHideFlags: 0
  m_CorrespondingSourceObject: {fileID: 0}
  m_PrefabInstance: {fileID: 0}
  m_PrefabAsset: {fileID: 0}
  m_GameObject: {fileID: 1323062340387282817}
  m_LocalRotation: {x: 0, y: -0.7071068, z: 0, w: 0.7071068}
  m_LocalPosition: {x: 0, y: 0, z: 0}
  m_LocalScale: {x: 1, y: 1, z: 1}
  m_ConstrainProportionsScale: 0
  m_Children:
  - {fileID: 1323062340004903932}
  m_Father: {fileID: 1323062340953684478}
  m_RootOrder: 0
  m_LocalEulerAnglesHint: {x: 0, y: -90, z: 0}
--- !u!33 &1323062340387282829
MeshFilter:
  m_ObjectHideFlags: 0
  m_CorrespondingSourceObject: {fileID: 0}
  m_PrefabInstance: {fileID: 0}
  m_PrefabAsset: {fileID: 0}
  m_GameObject: {fileID: 1323062340387282817}
  m_Mesh: {fileID: 10208, guid: 0000000000000000e000000000000000, type: 0}
--- !u!23 &1323062340387282830
MeshRenderer:
  m_ObjectHideFlags: 0
  m_CorrespondingSourceObject: {fileID: 0}
  m_PrefabInstance: {fileID: 0}
  m_PrefabAsset: {fileID: 0}
  m_GameObject: {fileID: 1323062340387282817}
  m_Enabled: 1
  m_CastShadows: 1
  m_ReceiveShadows: 1
  m_DynamicOccludee: 1
  m_StaticShadowCaster: 0
  m_MotionVectors: 1
  m_LightProbeUsage: 1
  m_ReflectionProbeUsage: 1
  m_RayTracingMode: 2
  m_RayTraceProcedural: 0
  m_RenderingLayerMask: 1
  m_RendererPriority: 0
  m_Materials:
  - {fileID: 2100000, guid: 498dfcedb34e1644c82d7b38ddb00a42, type: 2}
  m_StaticBatchInfo:
    firstSubMesh: 0
    subMeshCount: 0
  m_StaticBatchRoot: {fileID: 0}
  m_ProbeAnchor: {fileID: 0}
  m_LightProbeVolumeOverride: {fileID: 0}
  m_ScaleInLightmap: 1
  m_ReceiveGI: 1
  m_PreserveUVs: 0
  m_IgnoreNormalsForChartDetection: 0
  m_ImportantGI: 0
  m_StitchLightmapSeams: 1
  m_SelectedEditorRenderState: 3
  m_MinimumChartSize: 4
  m_AutoUVMaxDistance: 0.5
  m_AutoUVMaxAngle: 89
  m_LightmapParameters: {fileID: 0}
  m_SortingLayerID: 0
  m_SortingLayer: 0
  m_SortingOrder: 0
  m_AdditionalVertexStreams: {fileID: 0}
--- !u!136 &1323062340387282831
CapsuleCollider:
  m_ObjectHideFlags: 0
  m_CorrespondingSourceObject: {fileID: 0}
  m_PrefabInstance: {fileID: 0}
  m_PrefabAsset: {fileID: 0}
  m_GameObject: {fileID: 1323062340387282817}
  m_Material: {fileID: 0}
  m_IsTrigger: 0
  m_Enabled: 1
  m_Radius: 0.5
  m_Height: 2
  m_Direction: 1
  m_Center: {x: 0, y: 0, z: 0}
--- !u!1 &1323062340953684479
GameObject:
  m_ObjectHideFlags: 0
  m_CorrespondingSourceObject: {fileID: 0}
  m_PrefabInstance: {fileID: 0}
  m_PrefabAsset: {fileID: 0}
  serializedVersion: 6
  m_Component:
  - component: {fileID: 1323062340953684478}
  - component: {fileID: 1323062340953684477}
  - component: {fileID: 1323062340953684473}
  - component: {fileID: 1323062340953684474}
  - component: {fileID: 1323062340953684475}
  - component: {fileID: 1323062340953684476}
  - component: {fileID: 6165808509516114763}
  - component: {fileID: 4216138575415824138}
  - component: {fileID: 82073887774589557}
  m_Layer: 0
  m_Name: Marine
  m_TagString: Untagged
  m_Icon: {fileID: 0}
  m_NavMeshLayer: 0
  m_StaticEditorFlags: 0
  m_IsActive: 1
--- !u!4 &1323062340953684478
Transform:
  m_ObjectHideFlags: 0
  m_CorrespondingSourceObject: {fileID: 0}
  m_PrefabInstance: {fileID: 0}
  m_PrefabAsset: {fileID: 0}
  m_GameObject: {fileID: 1323062340953684479}
  m_LocalRotation: {x: 0, y: 0, z: 0, w: 1}
  m_LocalPosition: {x: 0, y: 0, z: 0}
  m_LocalScale: {x: 1, y: 1, z: 1}
  m_ConstrainProportionsScale: 0
  m_Children:
  - {fileID: 1323062340387282816}
  - {fileID: 3264327896066905785}
  - {fileID: 2283295208397421589}
  m_Father: {fileID: 0}
  m_RootOrder: 0
  m_LocalEulerAnglesHint: {x: 0, y: 0, z: 0}
--- !u!114 &1323062340953684477
MonoBehaviour:
  m_ObjectHideFlags: 0
  m_CorrespondingSourceObject: {fileID: 0}
  m_PrefabInstance: {fileID: 0}
  m_PrefabAsset: {fileID: 0}
  m_GameObject: {fileID: 1323062340953684479}
  m_Enabled: 1
  m_EditorHideFlags: 0
  m_Script: {fileID: 11500000, guid: 44aef3bcf3f2d17458d4a65397f7409e, type: 3}
  m_Name: 
  m_EditorClassIdentifier: 
  faction: {fileID: 1323062340953684473}
  health: {fileID: 1323062340953684474}
  hitable: {fileID: 1323062340953684475}
  speed: {fileID: 1323062340953684476}
  controller: {fileID: 82073887774589557}
  characterUi: {fileID: 1497171485636031364}
  weapon: {fileID: 1266165773768801644}
  onDie:
    m_PersistentCalls:
      m_Calls: []
  secondaryWeapon: {fileID: 1266165773768801644}
--- !u!114 &1323062340953684473
MonoBehaviour:
  m_ObjectHideFlags: 0
  m_CorrespondingSourceObject: {fileID: 0}
  m_PrefabInstance: {fileID: 0}
  m_PrefabAsset: {fileID: 0}
  m_GameObject: {fileID: 1323062340953684479}
  m_Enabled: 1
  m_EditorHideFlags: 0
  m_Script: {fileID: 11500000, guid: 5392ad4299a13774a911eee63dcdc5ff, type: 3}
  m_Name: 
  m_EditorClassIdentifier: 
  type: 0
--- !u!114 &1323062340953684474
MonoBehaviour:
  m_ObjectHideFlags: 0
  m_CorrespondingSourceObject: {fileID: 0}
  m_PrefabInstance: {fileID: 0}
  m_PrefabAsset: {fileID: 0}
  m_GameObject: {fileID: 1323062340953684479}
  m_Enabled: 1
  m_EditorHideFlags: 0
  m_Script: {fileID: 11500000, guid: 47c0d72b9313e104990ee12c4b32cc36, type: 3}
  m_Name: 
  m_EditorClassIdentifier: 
  initialHealth: 10
  owner: {fileID: 0}
  maxHealth: 0
  currentHealth: 0
  onLifeChange:
    m_PersistentCalls:
      m_Calls: []
--- !u!114 &1323062340953684475
MonoBehaviour:
  m_ObjectHideFlags: 0
  m_CorrespondingSourceObject: {fileID: 0}
  m_PrefabInstance: {fileID: 0}
  m_PrefabAsset: {fileID: 0}
  m_GameObject: {fileID: 1323062340953684479}
  m_Enabled: 1
  m_EditorHideFlags: 0
  m_Script: {fileID: 11500000, guid: b593240170f13134386c478bc468d903, type: 3}
  m_Name: 
  m_EditorClassIdentifier: 
  owner: {fileID: 0}
--- !u!114 &1323062340953684476
MonoBehaviour:
  m_ObjectHideFlags: 0
  m_CorrespondingSourceObject: {fileID: 0}
  m_PrefabInstance: {fileID: 0}
  m_PrefabAsset: {fileID: 0}
  m_GameObject: {fileID: 1323062340953684479}
  m_Enabled: 1
  m_EditorHideFlags: 0
  m_Script: {fileID: 11500000, guid: eef899aac57087343bbd0edd537faadb, type: 3}
  m_Name: 
  m_EditorClassIdentifier: 
  speed: 6
  gravitySpeed: 3.5
  owner: {fileID: 0}
--- !u!54 &6165808509516114763
Rigidbody:
  m_ObjectHideFlags: 0
  m_CorrespondingSourceObject: {fileID: 0}
  m_PrefabInstance: {fileID: 0}
  m_PrefabAsset: {fileID: 0}
  m_GameObject: {fileID: 1323062340953684479}
  serializedVersion: 2
  m_Mass: 1
  m_Drag: 0
  m_AngularDrag: 0.05
  m_UseGravity: 1
  m_IsKinematic: 0
  m_Interpolate: 0
  m_Constraints: 126
  m_CollisionDetection: 0
--- !u!143 &4216138575415824138
CharacterController:
  m_ObjectHideFlags: 0
  m_CorrespondingSourceObject: {fileID: 0}
  m_PrefabInstance: {fileID: 0}
  m_PrefabAsset: {fileID: 0}
  m_GameObject: {fileID: 1323062340953684479}
  m_Material: {fileID: 0}
  m_IsTrigger: 0
  m_Enabled: 1
  serializedVersion: 2
  m_Height: 2
  m_Radius: 0.5
  m_SlopeLimit: 45
  m_StepOffset: 0.3
  m_SkinWidth: 0.08
  m_MinMoveDistance: 0.001
  m_Center: {x: 0, y: 0, z: 0}
--- !u!114 &82073887774589557
MonoBehaviour:
  m_ObjectHideFlags: 0
  m_CorrespondingSourceObject: {fileID: 0}
  m_PrefabInstance: {fileID: 0}
  m_PrefabAsset: {fileID: 0}
  m_GameObject: {fileID: 1323062340953684479}
  m_Enabled: 1
  m_EditorHideFlags: 0
  m_Script: {fileID: 11500000, guid: bd3032ad34607e0498d7a985f47cf2d1, type: 3}
  m_Name: 
  m_EditorClassIdentifier: 
  owner: {fileID: 0}
--- !u!1 &7993352569314312584
GameObject:
  m_ObjectHideFlags: 0
  m_CorrespondingSourceObject: {fileID: 0}
  m_PrefabInstance: {fileID: 0}
  m_PrefabAsset: {fileID: 0}
  serializedVersion: 6
  m_Component:
  - component: {fileID: 2283295208397421589}
  m_Layer: 0
  m_Name: Weapons
  m_TagString: Untagged
  m_Icon: {fileID: 0}
  m_NavMeshLayer: 0
  m_StaticEditorFlags: 0
  m_IsActive: 1
--- !u!4 &2283295208397421589
Transform:
  m_ObjectHideFlags: 0
  m_CorrespondingSourceObject: {fileID: 0}
  m_PrefabInstance: {fileID: 0}
  m_PrefabAsset: {fileID: 0}
  m_GameObject: {fileID: 7993352569314312584}
  m_LocalRotation: {x: 0, y: 0, z: 0, w: 1}
  m_LocalPosition: {x: 0, y: 0, z: 0}
  m_LocalScale: {x: 1, y: 1, z: 1}
  m_ConstrainProportionsScale: 0
  m_Children:
  - {fileID: 3310989874592448384}
  m_Father: {fileID: 1323062340953684478}
  m_RootOrder: 2
  m_LocalEulerAnglesHint: {x: 0, y: 0, z: 0}
--- !u!1001 &941785075911530768
PrefabInstance:
  m_ObjectHideFlags: 0
  serializedVersion: 2
  m_Modification:
    m_TransformParent: {fileID: 2283295208397421589}
    m_Modifications:
    - target: {fileID: 1602973054967884597, guid: a4add05a235e0f84ba1a7ba249f1453e,
        type: 3}
      propertyPath: m_Name
      value: Rifle
      objectReference: {fileID: 0}
    - target: {fileID: 2369767751050323600, guid: a4add05a235e0f84ba1a7ba249f1453e,
        type: 3}
      propertyPath: m_RootOrder
      value: 0
      objectReference: {fileID: 0}
    - target: {fileID: 2369767751050323600, guid: a4add05a235e0f84ba1a7ba249f1453e,
        type: 3}
      propertyPath: m_LocalPosition.x
      value: 0
      objectReference: {fileID: 0}
    - target: {fileID: 2369767751050323600, guid: a4add05a235e0f84ba1a7ba249f1453e,
        type: 3}
      propertyPath: m_LocalPosition.y
      value: 0
      objectReference: {fileID: 0}
    - target: {fileID: 2369767751050323600, guid: a4add05a235e0f84ba1a7ba249f1453e,
        type: 3}
      propertyPath: m_LocalPosition.z
      value: 0
      objectReference: {fileID: 0}
    - target: {fileID: 2369767751050323600, guid: a4add05a235e0f84ba1a7ba249f1453e,
        type: 3}
      propertyPath: m_LocalRotation.w
      value: 1
      objectReference: {fileID: 0}
    - target: {fileID: 2369767751050323600, guid: a4add05a235e0f84ba1a7ba249f1453e,
        type: 3}
      propertyPath: m_LocalRotation.x
      value: 0
      objectReference: {fileID: 0}
    - target: {fileID: 2369767751050323600, guid: a4add05a235e0f84ba1a7ba249f1453e,
        type: 3}
      propertyPath: m_LocalRotation.y
      value: 0
      objectReference: {fileID: 0}
    - target: {fileID: 2369767751050323600, guid: a4add05a235e0f84ba1a7ba249f1453e,
        type: 3}
      propertyPath: m_LocalRotation.z
      value: 0
      objectReference: {fileID: 0}
    - target: {fileID: 2369767751050323600, guid: a4add05a235e0f84ba1a7ba249f1453e,
        type: 3}
      propertyPath: m_LocalEulerAnglesHint.x
      value: 0
      objectReference: {fileID: 0}
    - target: {fileID: 2369767751050323600, guid: a4add05a235e0f84ba1a7ba249f1453e,
        type: 3}
      propertyPath: m_LocalEulerAnglesHint.y
      value: 0
      objectReference: {fileID: 0}
    - target: {fileID: 2369767751050323600, guid: a4add05a235e0f84ba1a7ba249f1453e,
        type: 3}
      propertyPath: m_LocalEulerAnglesHint.z
      value: 0
      objectReference: {fileID: 0}
    m_RemovedComponents: []
  m_SourcePrefab: {fileID: 100100000, guid: a4add05a235e0f84ba1a7ba249f1453e, type: 3}
--- !u!114 &1266165773768801644 stripped
MonoBehaviour:
  m_CorrespondingSourceObject: {fileID: 2054687724854027388, guid: a4add05a235e0f84ba1a7ba249f1453e,
    type: 3}
  m_PrefabInstance: {fileID: 941785075911530768}
  m_PrefabAsset: {fileID: 0}
  m_GameObject: {fileID: 0}
  m_Enabled: 1
  m_EditorHideFlags: 0
  m_Script: {fileID: 11500000, guid: d3a5fbffb72e73440aaef82cfc07a827, type: 3}
  m_Name: 
  m_EditorClassIdentifier: 
--- !u!4 &3310989874592448384 stripped
Transform:
  m_CorrespondingSourceObject: {fileID: 2369767751050323600, guid: a4add05a235e0f84ba1a7ba249f1453e,
    type: 3}
  m_PrefabInstance: {fileID: 941785075911530768}
  m_PrefabAsset: {fileID: 0}
--- !u!1001 &2999527831924358887
PrefabInstance:
  m_ObjectHideFlags: 0
  serializedVersion: 2
  m_Modification:
    m_TransformParent: {fileID: 1323062340953684478}
    m_Modifications:
    - target: {fileID: 355026011958077534, guid: e253dbdbbfc980a4796a502664b4dac1,
        type: 3}
      propertyPath: m_Pivot.x
      value: 0.5
      objectReference: {fileID: 0}
    - target: {fileID: 355026011958077534, guid: e253dbdbbfc980a4796a502664b4dac1,
        type: 3}
      propertyPath: m_Pivot.y
      value: 0.5
      objectReference: {fileID: 0}
    - target: {fileID: 355026011958077534, guid: e253dbdbbfc980a4796a502664b4dac1,
        type: 3}
      propertyPath: m_RootOrder
      value: 1
      objectReference: {fileID: 0}
    - target: {fileID: 355026011958077534, guid: e253dbdbbfc980a4796a502664b4dac1,
        type: 3}
      propertyPath: m_AnchorMax.x
      value: 0
      objectReference: {fileID: 0}
    - target: {fileID: 355026011958077534, guid: e253dbdbbfc980a4796a502664b4dac1,
        type: 3}
      propertyPath: m_AnchorMax.y
      value: 0
      objectReference: {fileID: 0}
    - target: {fileID: 355026011958077534, guid: e253dbdbbfc980a4796a502664b4dac1,
        type: 3}
      propertyPath: m_AnchorMin.x
      value: 0
      objectReference: {fileID: 0}
    - target: {fileID: 355026011958077534, guid: e253dbdbbfc980a4796a502664b4dac1,
        type: 3}
      propertyPath: m_AnchorMin.y
      value: 0
      objectReference: {fileID: 0}
    - target: {fileID: 355026011958077534, guid: e253dbdbbfc980a4796a502664b4dac1,
        type: 3}
      propertyPath: m_SizeDelta.x
      value: 1056
      objectReference: {fileID: 0}
    - target: {fileID: 355026011958077534, guid: e253dbdbbfc980a4796a502664b4dac1,
        type: 3}
      propertyPath: m_SizeDelta.y
      value: 475
      objectReference: {fileID: 0}
    - target: {fileID: 355026011958077534, guid: e253dbdbbfc980a4796a502664b4dac1,
        type: 3}
      propertyPath: m_LocalPosition.x
      value: 0
      objectReference: {fileID: 0}
    - target: {fileID: 355026011958077534, guid: e253dbdbbfc980a4796a502664b4dac1,
        type: 3}
      propertyPath: m_LocalPosition.y
      value: 0
      objectReference: {fileID: 0}
    - target: {fileID: 355026011958077534, guid: e253dbdbbfc980a4796a502664b4dac1,
        type: 3}
      propertyPath: m_LocalPosition.z
      value: 0
      objectReference: {fileID: 0}
    - target: {fileID: 355026011958077534, guid: e253dbdbbfc980a4796a502664b4dac1,
        type: 3}
      propertyPath: m_LocalRotation.w
      value: 0
      objectReference: {fileID: 0}
    - target: {fileID: 355026011958077534, guid: e253dbdbbfc980a4796a502664b4dac1,
        type: 3}
      propertyPath: m_LocalRotation.x
      value: 0
      objectReference: {fileID: 0}
    - target: {fileID: 355026011958077534, guid: e253dbdbbfc980a4796a502664b4dac1,
        type: 3}
      propertyPath: m_LocalRotation.y
      value: 1
      objectReference: {fileID: 0}
    - target: {fileID: 355026011958077534, guid: e253dbdbbfc980a4796a502664b4dac1,
        type: 3}
      propertyPath: m_LocalRotation.z
      value: 0
      objectReference: {fileID: 0}
    - target: {fileID: 355026011958077534, guid: e253dbdbbfc980a4796a502664b4dac1,
        type: 3}
      propertyPath: m_AnchoredPosition.x
      value: 0
      objectReference: {fileID: 0}
    - target: {fileID: 355026011958077534, guid: e253dbdbbfc980a4796a502664b4dac1,
        type: 3}
      propertyPath: m_AnchoredPosition.y
      value: -2
      objectReference: {fileID: 0}
    - target: {fileID: 355026011958077534, guid: e253dbdbbfc980a4796a502664b4dac1,
        type: 3}
      propertyPath: m_LocalEulerAnglesHint.x
      value: 0
      objectReference: {fileID: 0}
    - target: {fileID: 355026011958077534, guid: e253dbdbbfc980a4796a502664b4dac1,
        type: 3}
      propertyPath: m_LocalEulerAnglesHint.y
      value: 180
      objectReference: {fileID: 0}
    - target: {fileID: 355026011958077534, guid: e253dbdbbfc980a4796a502664b4dac1,
        type: 3}
      propertyPath: m_LocalEulerAnglesHint.z
      value: 0
      objectReference: {fileID: 0}
    - target: {fileID: 4515446548350716262, guid: e253dbdbbfc980a4796a502664b4dac1,
        type: 3}
      propertyPath: m_TargetGraphic
      value: 
      objectReference: {fileID: 0}
    - target: {fileID: 7122840388988477393, guid: e253dbdbbfc980a4796a502664b4dac1,
        type: 3}
      propertyPath: m_Name
      value: CharacterUI
      objectReference: {fileID: 0}
    - target: {fileID: 7969050301888076063, guid: e253dbdbbfc980a4796a502664b4dac1,
        type: 3}
      propertyPath: m_AnchorMax.x
      value: 0
      objectReference: {fileID: 0}
    - target: {fileID: 7969050301888076063, guid: e253dbdbbfc980a4796a502664b4dac1,
        type: 3}
      propertyPath: m_AnchorMax.y
      value: 0
      objectReference: {fileID: 0}
    m_RemovedComponents: []
  m_SourcePrefab: {fileID: 100100000, guid: e253dbdbbfc980a4796a502664b4dac1, type: 3}
--- !u!114 &1497171485636031364 stripped
MonoBehaviour:
  m_CorrespondingSourceObject: {fileID: 4424631754863824227, guid: e253dbdbbfc980a4796a502664b4dac1,
    type: 3}
  m_PrefabInstance: {fileID: 2999527831924358887}
  m_PrefabAsset: {fileID: 0}
  m_GameObject: {fileID: 0}
  m_Enabled: 1
  m_EditorHideFlags: 0
  m_Script: {fileID: 11500000, guid: 8ed21bc25d6e9ba4fbcd32b66a71c6a6, type: 3}
  m_Name: 
  m_EditorClassIdentifier: 
--- !u!224 &3264327896066905785 stripped
RectTransform:
  m_CorrespondingSourceObject: {fileID: 355026011958077534, guid: e253dbdbbfc980a4796a502664b4dac1,
    type: 3}
  m_PrefabInstance: {fileID: 2999527831924358887}
  m_PrefabAsset: {fileID: 0}
